<?xml version="1.0" encoding="UTF-8"?><collection><record><leader>07035ntm a2200685 a 4500</leader><controlfield tag="001">006832614</controlfield><controlfield tag="003">MiAaHDL</controlfield><controlfield tag="005">20190719000000.0</controlfield><controlfield tag="006">m        d        </controlfield><controlfield tag="007">cr bn ---auaua</controlfield><controlfield tag="008">090629q17001775xx            00| ||ara d</controlfield><datafield tag="035" ind1=" " ind2=" "><subfield code="a">(MiU)006832614</subfield></datafield><datafield tag="035" ind1=" " ind2=" "><subfield code="a">sdr-miu006832614</subfield></datafield><datafield tag="040" ind1=" " ind2=" "><subfield code="a">MiU</subfield><subfield code="c">MiU</subfield><subfield code="e">amremm</subfield></datafield><datafield tag="043" ind1=" " ind2=" "><subfield code="a">n-us-mi</subfield></datafield><datafield tag="100" ind1="1" ind2=" "><subfield code="6">880-01</subfield><subfield code="a">Ibn al-Dahhān, Saʻīd ibn al-Mubārak,</subfield><subfield code="d">1101-1174.</subfield></datafield><datafield tag="245" ind1="1" ind2="0"><subfield code="6">880-03</subfield><subfield code="a">Kitāb al-Durūs fī ʻilmay al-ʻarūḍ wa-al-qawāfī,</subfield><subfield code="f">[18th century?].</subfield></datafield><datafield tag="260" ind1=" " ind2=" "><subfield code="c">[1700-1775?].</subfield></datafield><datafield tag="300" ind1=" " ind2=" "><subfield code="a">59 leaves :</subfield><subfield code="b">paper ;</subfield><subfield code="c">210 x 157 (157 x 99) mm.</subfield></datafield><datafield tag="500" ind1=" " ind2=" "><subfield code="a">Shelfmark: Ann Arbor, University of Michigan, Special Collections Library, Isl. Ms. 950</subfield></datafield><datafield tag="500" ind1=" " ind2=" "><subfield code="a">Origin: Lacks dated colophon though dated ownership statement on 'title page' (p.1) provides a rough terminus ante quem of 1775 and number of prior owners, paper, hand, etc. would suggest early to mid-18th or even late 17th century.</subfield></datafield><datafield tag="500" ind1=" " ind2=" "><subfield code="a">Former shelfmark: Mich. Isl. Ms. temp. no. 99</subfield></datafield><datafield tag="500" ind1=" " ind2=" "><subfield code="a">Binding: Pasteboards covered in paper printed with shell 'marbled' design in blue, dark blue, red, and yellow with red leather over spine and fore edge flap ; Type II binding (with flap) ; pastedowns and flyleaves in untinted wove paper ; resewn in white thread, two stations ; overall in somewhat poor condition with abrasion, lifting and losses of paper and leather, delamination of boards, etc. ; fully detached from textblock.</subfield></datafield><datafield tag="500" ind1=" " ind2=" "><subfield code="a">Support: European laid paper with 7-8 laid lines per cm. (horizontal), chain lines spaced 23-24 mm. apart (vertical), and crown-star-crescent watermark (see p.24, 36, etc.) ; well-burnished to glossy, cream in color, fairly thick and sturdy.</subfield></datafield><datafield tag="500" ind1=" " ind2=" "><subfield code="a">Decoration: Keywords, section headings, and abbreviation symbols (mainly two-teeth stroke overlining keywords) rubricated ; diagrams.</subfield></datafield><datafield tag="500" ind1=" " ind2=" "><subfield code="a">Script: Naskh ; clear, spacious Egyptian hand in a medium line ; mainly serifless with slight effect of tilt to the left, curvilinear descenders, pointing mainly in distinct dots but three dots represented by curved stroke, occasional vocalization, alif maqṣūrah often pointed as yāʼ.</subfield></datafield><datafield tag="500" ind1=" " ind2=" "><subfield code="a">Layout: Written mainly in 17 lines per page, written area occasionally divided to columns ; frame-ruled.</subfield></datafield><datafield tag="500" ind1=" " ind2=" "><subfield code="a">Collation: i, 2 V(20), VII (34), V (44), VI+3 (59), i ; 'quire numbering' in the form of whole words appears on the recto of every tenth leaf (as though quinions, but does not correspond to current sewing/gatherings) ; catchwords present ; pagination in pencil, Western numerals, supplied during digitization.</subfield></datafield><datafield tag="500" ind1=" " ind2=" "><subfield code="a">Explicit: "واما العتابا فان الالف واللام تعاقب التنوين فكان التنوين موجود فيه"</subfield></datafield><datafield tag="500" ind1=" " ind2=" "><subfield code="a">Incipit: [al-Bāb fī ʻilm al-ʻarūḍ ] "قال الشيخ الامام ابو محمد سعيد بن المبارك النحوي رحمه الله الشعر لفظ موزون مقفا [مقفى] يدل على معنى واشتقاقه من شعرت بالشيء اذا علمت به ..." ; [Jumlah mukhtaṣarah fī ʻilm al-qawāfī] "هذه جملة مختصرة في علم القوافي تليق بهذا المختصر من العروض يتضمن زيد علمها مع كثير من التعديل وكثير الاتسشهادات ..." ; [al-Fuṣūl fī al-qawāfī] "اعلم ان الشعر تتعاقب عليه اشيا فمنها ما هو ملازم ومنها ما هو مفارق ..."</subfield></datafield><datafield tag="500" ind1=" " ind2=" "><subfield code="a">Title from rubricated 'title page' inscription (p.1).</subfield></datafield><datafield tag="500" ind1=" " ind2=" "><subfield code="a">Ms. codex.</subfield></datafield><datafield tag="505" ind1="0" ind2=" "><subfield code="a">4. p.79-p.118 : al-Fuṣūl fī al-qawāfī / Abū Muḥammad Saʻīd ibn al-Mubārak Ibn al-Dahhān al-Naḥwī.</subfield></datafield><datafield tag="505" ind1="0" ind2=" "><subfield code="a">3. p.77-p.79 : [poetic excerpts by the author] / Abū Muḥammad Saʻīd ibn al-Mubārak Ibn al-Dahhān al-Naḥwī.</subfield></datafield><datafield tag="505" ind1="0" ind2=" "><subfield code="a">2. p.63-p.77 : Jumlah mukhtaṣarah fī ʻilm al-qawāfī / Abū Muḥammad Saʻīd ibn al-Mubārak Ibn al-Dahhān al-Naḥwī.</subfield></datafield><datafield tag="505" ind1="0" ind2=" "><subfield code="a">1. p.1-p.62 : al-Bāb fī ʻilm al-ʻarūḍ / Abū Muḥammad Saʻīd ibn al-Mubārak Ibn al-Dahhān al-Naḥwī</subfield></datafield><datafield tag="510" ind1="4" ind2=" "><subfield code="a">Brockelmann, C. GAL,</subfield><subfield code="c">I 281 ; S I 494</subfield></datafield><datafield tag="520" ind1="8" ind2=" "><subfield code="a">Fine copy of a selection of concise works by Abū Muḥammad Saʻīd ibn al-Mubārak Ibn al-Dahhān al-Naḥwī (d.1174) on versification, metre and rhyme. Final work ends abruptly.</subfield></datafield><datafield tag="538" ind1=" " ind2=" "><subfield code="a">Mode of access: Internet.</subfield></datafield><datafield tag="541" ind1=" " ind2=" "><subfield code="a">Acquired in the Fall of 1950.</subfield></datafield><datafield tag="546" ind1=" " ind2=" "><subfield code="a">Arabic.</subfield></datafield><datafield tag="561" ind1=" " ind2=" "><subfield code="a">On front flyleaf, label with ex libris of James Heyworth-Dunne (d.1974), stamped with inventory numbers, "Ex Libris | J. Heyworth-Dunne | D. Lit. (London) | No.7779" ; several former owners' marks on 'title page' (p.1) including ownership statement in name of Aḥmad al-Sinnārī [al-Sanārī] al-Mālikī [?] ( احمد السناري المالكي ) accompanied by oval seal impression, ownership statement in name of Aḥmad Abū Ḥāfiẓ al-Qalʻī al-Ḥanafī ( احمد ابو حافظ القلعي الحنفي ) accompanied by octagonal seal impression, ownership / purchase statement (with price) in name of the aforementioned owner's son Nuʻmān ibn al-marḥūm al-Shaykh Aḥmad al-Qalʻī al-Ḥanafī ( نعمان بن المرحوم الشيخ احمد القلعي الحنفي ) dated 15 Rabīʻ I 1189 [ca. 16 May 1775], and partially illegible statement in name of Aḥmad al-Bujayrimī al-Shāfiʻī ( احمد البجيرمي الشافعي ) dated 1190 [1776 or 7] ; kabīkaj invocation on 'title page' (p.1) "لبيك كبيكج" ; UM Library inscription on p.3 "Dunning | Heyworth-Dunne | 6-13-51 | 71955" ; glosses and occasional marginal corrections.</subfield></datafield><datafield tag="650" ind1=" " ind2="0"><subfield code="a">Manuscripts, Arabic</subfield><subfield code="z">Michigan</subfield><subfield code="z">Ann Arbor.</subfield></datafield><datafield tag="650" ind1=" " ind2="0"><subfield code="a">Arabic poetry</subfield><subfield code="x">History and criticism</subfield><subfield code="v">Early works to 1800.</subfield></datafield><datafield tag="650" ind1=" " ind2="0"><subfield code="a">Arabic language</subfield><subfield code="x">Rhyme</subfield><subfield code="v">Early works to 1800.</subfield></datafield><datafield tag="650" ind1=" " ind2="0"><subfield code="a">Arabic language</subfield><subfield code="x">Versification</subfield><subfield code="v">Early works to 1800.</subfield></datafield><datafield tag="700" ind1="1" ind2=" "><subfield code="a">Heyworth-Dunne, J.</subfield><subfield code="q">(James),</subfield><subfield code="e">former owner.</subfield></datafield><datafield tag="700" ind1="0" ind2=" "><subfield code="6">880-07</subfield><subfield code="a">Aḥmad al-Bujayrimī al-Shāfiʻī,</subfield><subfield code="d">fl. 1776,</subfield><subfield code="e">former owner.</subfield></datafield><datafield tag="700" ind1="0" ind2=" "><subfield code="6">880-06</subfield><subfield code="a">Nuʻmān ibn Aḥmad al-Qalʻī,</subfield><subfield code="d">fl. 1775,</subfield><subfield code="e">former owner.</subfield></datafield><datafield tag="740" ind1="0" ind2="2"><subfield code="6">880-05</subfield><subfield code="a">Fuṣūl fī al-qawāfī</subfield></datafield><datafield tag="740" ind1="0" ind2="2"><subfield code="6">880-04</subfield><subfield code="a">Jumlah mukhtaṣarah fī ʻilm al-qawāfī</subfield></datafield><datafield tag="740" ind1="0" ind2="2"><subfield code="6">880-03</subfield><subfield code="a">Bāb fī ʻilm al-ʻarūḍ</subfield></datafield><datafield tag="773" ind1="0" ind2=" "><subfield code="a">Heyworth-Dunne Collection.</subfield></datafield><datafield tag="880" ind1="0" ind2=" "><subfield code="6">700-07/</subfield><subfield code="a">احمد البجيرمي الشافعي،</subfield><subfield code="e">مالك سابق.</subfield></datafield><datafield tag="880" ind1="0" ind2=" "><subfield code="6">700-06/</subfield><subfield code="a">نعمان بن احمد القلعي،</subfield><subfield code="e">مالك سابق.</subfield></datafield><datafield tag="880" ind1="0" ind2="2"><subfield code="6">740-05/</subfield><subfield code="a">فصول في القوافي</subfield></datafield><datafield tag="880" ind1="0" ind2="2"><subfield code="6">740-04/</subfield><subfield code="a">جملة مختصرة في علم القوافي</subfield></datafield><datafield tag="880" ind1="0" ind2="2"><subfield code="6">740-03/</subfield><subfield code="a">باب في علم العروض</subfield></datafield><datafield tag="880" ind1="1" ind2="0"><subfield code="6">245-03/</subfield><subfield code="a">كتاب الدروس في علمي العروض والقوافي,</subfield><subfield code="f">[القرن 18م؟].</subfield></datafield><datafield tag="880" ind1="1" ind2=" "><subfield code="6">100-01/</subfield><subfield code="a">ابن الدهان، سعيد بن المبارك.</subfield></datafield><datafield tag="CID" ind1=" " ind2=" "><subfield code="a">006832614</subfield></datafield><datafield tag="DAT" ind1="0" ind2=" "><subfield code="a">20190719102640.0</subfield><subfield code="b">20190719000000.0</subfield></datafield><datafield tag="DAT" ind1="1" ind2=" "><subfield code="a">20190719090653.0</subfield><subfield code="b">2019-07-19T16:12:25Z</subfield></datafield><datafield tag="DAT" ind1="2" ind2=" "><subfield code="a">2015-10-10T18:00:06Z</subfield></datafield><datafield tag="CAT" ind1=" " ind2=" "><subfield code="a">SDR-MIU</subfield><subfield code="d">EX LIBRIS - ALEPH</subfield><subfield code="l">prepare.pl-004-008</subfield></datafield><datafield tag="FMT" ind1=" " ind2=" "><subfield code="a">BK</subfield></datafield><datafield tag="HOL" ind1=" " ind2=" "><subfield code="0">sdr-miu006832614</subfield><subfield code="a">MiU</subfield><subfield code="b">SDR</subfield><subfield code="c">MIU</subfield><subfield code="p">mdp.39015079131317</subfield><subfield code="s">MIU</subfield><subfield code="1">006832614</subfield></datafield><datafield tag="974" ind1=" " ind2=" "><subfield code="b">MIU</subfield><subfield code="c">MIU</subfield><subfield code="d">20190719</subfield><subfield code="s">lit-dlps-dc</subfield><subfield code="u">mdp.39015079131317</subfield><subfield code="y">1775</subfield><subfield code="r">pd</subfield><subfield code="q">bib</subfield><subfield code="t">non-US bib date2 &lt; 1896</subfield></datafield></record></collection>